<record><leader>00000cas a22000007a 4500</leader><controlfield tag="001">9929699</controlfield><controlfield tag="008">830921d197319uumtuwr ne      0   a0eng d</controlfield><datafield ind1=" " ind2=" " tag="010"><subfield code="a">sn 83002831 </subfield></datafield><datafield ind1=" " ind2=" " tag="040"><subfield code="a">NSD</subfield><subfield code="b">eng</subfield><subfield code="c">NSD</subfield><subfield code="d">MTL</subfield><subfield code="d">NSD</subfield><subfield code="d">OCLCQ</subfield></datafield><datafield ind1=" " ind2=" " tag="012"><subfield code="j">0</subfield><subfield code="l">1</subfield><subfield code="m">d</subfield></datafield><datafield ind1="1" ind2=" " tag="022"><subfield code="a">0740-2600</subfield><subfield code="l">0740-2600</subfield><subfield code="2">1</subfield></datafield><datafield ind1="1" ind2=" " tag="029"><subfield code="a">AU@</subfield><subfield code="b">000025815913</subfield></datafield><datafield ind1=" " ind2=" " tag="037"><subfield code="b">Hardin Herald, P. Box R, 26 East Sixth, Hardin, MT 59034</subfield></datafield><datafield ind1=" " ind2=" " tag="042"><subfield code="a">nsdp</subfield></datafield><datafield ind1="0" ind2=" " tag="130"><subfield code="a">Hardin herald (1973)</subfield></datafield><datafield ind1=" " ind2="0" tag="222"><subfield code="a">Hardin herald</subfield><subfield code="b">(1973)</subfield></datafield><datafield ind1="0" ind2="0" tag="245"><subfield code="a">Hardin herald.</subfield></datafield><datafield ind1=" " ind2=" " tag="260"><subfield code="a">Hardin, Mont.</subfield><subfield code="b">The Hardin Herald,</subfield><subfield code="c">1973-</subfield></datafield><datafield ind1=" " ind2=" " tag="300"><subfield code="a">v. :</subfield><subfield code="b">ill. ;</subfield><subfield code="c">58 cm.</subfield></datafield><datafield ind1=" " ind2=" " tag="310"><subfield code="a">Weekly</subfield></datafield><datafield ind1="0" ind2=" " tag="362"><subfield code="a">Vol. 66, no. 36 (Sept. 6, 1973)-</subfield></datafield><datafield ind1=" " ind2=" " tag="752"><subfield code="a">United States</subfield><subfield code="b">Montana</subfield><subfield code="c">Big Horn</subfield><subfield code="d">Hardin.</subfield></datafield><datafield ind1="0" ind2="0" tag="780"><subfield code="t">Hardin tribune-herald</subfield><subfield code="w">(DLC)sn 86075229</subfield></datafield><datafield ind1="0" ind2="0" tag="785"><subfield code="t">Big Horn County news</subfield><subfield code="x">0897-8735</subfield><subfield code="w">(DLC)sn 88000644</subfield></datafield></record>